@incollection{engestrom_future_2009,
	title = {{The future of activity theory: A rough draft}},
	booktitle = {Learning and expanding with Activity Theory},
	author = {Engeström, Yrjö},
	year = {2009},
	pages = {303--328}
}

@article{shaw2014laboratories,
  title={{Laboratories of Oligarchy? How the Iron Law Extends to Peer Production}},
  author={Shaw, Aaron and Hill, Benjamin M},
  journal={Journal of Communication},
  volume={64},
  number={2},
  pages={215--238},
  year={2014},
  publisher={Wiley Online Library}
}

@article{lapp20072006,
  title={{The 2006 NESCent phyloinformatics hackathon: a field report}},
  author={Lapp, Hilmar and Bala, Sendu and Balhoff, James P and others},
  journal={Evolutionary Bioinformatics Online},
  volume={3},
  pages={287},
  year={2007},
  publisher={Libertas Academica}
}

@book{michels1915political,
  title={{Political parties: A sociological study of the oligarchical tendencies of modern democracy}},
  author={Michels, Robert},
  year={1915},
  publisher={Hearst's International Library Company}
} 

@article{Fuster2014,
title = {{Theoretical synthesis: Final theoretical synthesis of WP1, including research reports on data collection}},
author = {Fuster Morell, M. and others},
pages = {369-446},
url = {http://p2pvalue.eu/sites/default/files/u28/D12_31July_TheoreticalFindingsA%20%281%29.pdf},
year = {2014}
}

@article{engestrom2007communities,
  title={{From communities of practice to mycorrhizae}},
  author={Engestr{\"o}m, Yrj{\"o}},
  journal={Communities of practice: Critical perspectives},
  year={2007},
  url = {http://www.open.ac.uk/opencetl/files/opencetl/file/ecms/web-content/Engestrom-%282007%29-From-communities-of-practice-to-mycorrhizae.pdf},
  publisher={Routledge London}
}

@article{Uden2007,
author = {Uden, Lorna and Damiani, Ernesto and Gianini, Gabriele and Ceravolo, Paolo},
doi = {10.1109/DEST.2007.371974},
file = {:home/drozas/Dropbox/papers\_mendeley/04233708.pdf:pdf},
isbn = {1-4244-0467-3},
journal = {2007 Inaugural IEEE-IES Digital EcoSystems and Technologies Conference},
keywords = {CHAT,OSS,activity theory,application},
mendeley-groups = {Sociology/Activity Theory},
mendeley-tags = {CHAT,OSS,activity theory,application},
month = feb,
pages = {223--228},
publisher = {Ieee},
title = {{Activity Theory for OSS Ecosystems}},
url = {http://ieeexplore.ieee.org/lpdocs/epic03/wrapper.htm?arnumber=4233708},
year = {2007}
}

@article{wittel2013counter,
  title={{Counter-commodification: The economy of contribution in the digital commons}},
  author={Wittel, Andreas},
  journal={Culture and Organization},
  volume={19},
  number={4},
  pages={314--331},
  year={2013},
  publisher={Taylor \& Francis}
}

@inproceedings{rozas2014,
 author = {Rozas, David},
 title = {{Drupal as a Commons-Based Peer Production community: a sociological perspective}},
 booktitle = {Proceedings of The International Symposium on Open Collaboration},
 series = {OpenSym '14},
 year = {2014},
 isbn = {978-1-4503-3016-9},
 location = {Berlin, Germany},
 pages = {36:1--36:2},
 articleno = {36},
 numpages = {2},
 url = {http://doi.acm.org/10.1145/2641580.2641624},
 doi = {10.1145/2641580.2641624},
 acmid = {2641624},
 publisher = {ACM},
 address = {New York, NY, USA},
 keywords = {Activity Theory, Commons-Based Peer Production, Drupal, Free/Libre Open Source Software, Virtual Ethnography}
} 

@inproceedings{Zilouchian2011,
  title={{Open source interface politics: identity, acceptance, trust, and lobbying}},
  author={Zilouchian Moghaddam, Roshanak and Twidale, Michael and Bongen, Kora},
  booktitle={{CHI'11 Extended Abstracts on Human Factors in Computing Systems}},
  pages={1723--1728},
  year={2011},
  organization={ACM}
}

@phdthesis{Sims2013,
author = {Sims, Jonathan Paul},
title = {{Interactive engagement with an open source community : a study of the relationships between organizations and an open source software community}},
url = {http://repositories.lib.utexas.edu/handle/2152/21792},
school={University of Texas},
year = {2013}
}

@article{nordin2013development,
  title={{Development of a questionnaire to study motivations of Drupal contributors}},
  author={Nordin, Dani and Meir, Adi},
  url={http://swww.drupalfordesignersbook.com/sites/default/files/project-downloads/Drupal_SurveyPilot.pdf},
  year={2013}
}

@inproceedings{rozas2015,
  title={{Contribution beyond source code in Free/Libre Open Source Software: the role of affective labour in the Drupal community}},
  author={Rozas, David and Gilbert, Nigel and Hodkinson, Paul},
  booktitle={{BSA 2015 Annual Conference}},
  pages={73--74},
  year={2015},
  organization={British Sociological Association},
  url={http://www.britsoc.co.uk/media/84184/Programme%20full.pdf?1427305668398}
}

@article{Benkler2002,
title = {{Coase's Penguin, or, Linux and "The Nature of the Firm"}},
author = {Benkler, Yochai},
journal = {The Yale Law Journal},
volume = {112},
number = {3},
jstor_formatteddate = {Dec., 2002},
pages = {369--446},
url = {http://www.jstor.org/stable/1562247},
ISSN = {00440094},
language = {English},
year = {2002},
publisher = {The Yale Law Journal Company, Inc.},
copyright = {Copyright © 2002 The Yale Law Journal Company, Inc.}
}


@inbook{benkler2006wealth,
  title={{The wealth of networks: How social production transforms markets and freedom}},
  author={Benkler, Yochai},
  page={60},
  year={2006},
  publisher={Yale University Press}
}

@inproceedings{bryant2005becoming,
  title={{Becoming Wikipedian: transformation of participation in a collaborative online encyclopedia}},
  author={Bryant, Susan L and Forte, Andrea and Bruckman, Amy},
  booktitle={{Proceedings of the 2005 international ACM SIGGROUP conference on Supporting group work}},
  pages={1--10},
  year={2005},
  organization={ACM}
}


@inproceedings{Panciera2014,
 author = {{Panciera, Katherine and Masli, Mikhil and Terveen, Loren}},
 title = {{Cream of the Crop: Elite Contributors in an Online Community}},
 booktitle = {{Proceedings of The International Symposium on Open Collaboration}},
 series = {{OpenSym '14}},
 year = {2014},
 isbn = {978-1-4503-3016-9},
 location = {Berlin, Germany},
 pages = {21:1--21:10},
 articleno = {21},
 numpages = {10},
 url = {http://doi.acm.org/10.1145/2641580.2641609},
 doi = {10.1145/2641580.2641609},
 acmid = {2641609},
 publisher = {ACM},
 address = {New York, NY, USA}
} 

@article{hemetsberger2009collective,
  title={{Collective development in open-source communities: An activity theoretical perspective on successful online collaboration}},
  author={{Hemetsberger, Andrea and Reinhardt, Christian}},
  journal={Organization studies},
  volume={30},
  number={9},
  pages={987--1008},
  year={2009},
  publisher={SAGE Publications}
}

@incollection{yamagata2010understanding,
  title={{Understanding cultural historical activity theory}},
  author={Yamagata-Lynch, Lisa C},
  booktitle={{Activity Systems Analysis Methods}},
  pages={13--26},
  year={2010},
  publisher={Springer}
}

@article{berners1992world,
  title={{World-Wide Web: the information universe}},
  author={Berners-Lee, Tim and Cailliau, Robert and Groff, Jean-Fran{\c{c}}ois and Pollermann, Bernd},
  journal={Internet Research},
  volume={2},
  number={1},
  pages={52--58},
  year={1992},
  publisher={MCB UP Ltd}
}

@incollection{deshpande2008total,
  title={{The total growth of open source}},
  author={Deshpande, Amit and Riehle, Dirk},
  booktitle={{Open Source Development, Communities and Quality}},
  pages={197--209},
  year={2008},
  publisher={Springer}
}

@book{kelty2008two-linux,
  title={{Two bits: The cultural significance of free software}},
  author={Kelty, Christopher M},
  year={2008},
  publisher={Duke University Press}
}

@ONLINE{DrupalEvents2010,
author = {Drupal.org},
url = {https://groups.drupal.org/events},
title = {{Drupal Events}},
urldate = {2014-06-11},
year = {2014}
}

@ONLINE{drupal-about:2013:Online,
author = {Drupal.org},
title = {{Drupal}},
year = {2013},
urldate = {2014-11-15},
url = {https://drupal.org}
}

@ONLINE{future-open-source-survey:2015,
author = {{Black Duck Software}, {North Bridge}, {Forrester Research}},
title = {{The Ninth Annual Future of Open Source Survey}},
year = {2015},
urldate = {2015-05-10},
url = {https://www.blackducksoftware.com/future-of-open-source}
}

@ONLINE{drupal-history:2013:Online,
author = {Drupal.org},
title = {{Drupal History}},
year = {2013},
urldate = {2013-11-16},
url = {https://drupal.org/about/history}
}

@ONLINE{cms-usage:2013:Online,
author = {W3Techs},
title = {{Collaborative community-oriented mobile learning: a position statement}},
year = {2015},
urldate = {2014-05-10},
url = {http://w3techs.com/technologies/overview/content_management/all}
}

@ONLINE{drupal-patches:2015:Online,
author = {Drupal.org},
title = {{What is a patch?}},
year = {2015},
urldate = {2015-05-19},
url = {https://www.drupal.org/node/367392}
}

@ONLINE{drupal-coc-brighton:2015:Online,
author = {DrupalCamp Brighton},
title = {{Code of Conduct at DrupalCamp Brighton 2015}},
year = {2015},
urldate = {2015-05-19},
url = {http://www.drupalcampbrighton.co.uk/content/code-conduct}
}

@ONLINE{drupal-speaker-guidelines:2015:Online,
author = {DrupalCamp Spain},
title = {{Speaker guidelines at DrupalCamp Spain 2012}},
year = {2015},
urldate = {2015-05-19},
url = {http://2012.drupalcamp.es/en/node/23.html}
}

@article{hardt1999affective,
  title={{Affective labor}},
  author={Hardt, Michael},
  journal={Boundary 2},
  volume={26},
  number={2},
  pages={89--100},
  year={1999},
  publisher={Duke University Press}
}

@article{boyle2003second,
  title={{The second enclosure movement and the construction of the public domain}},
  author={Boyle, James},
  journal={Law and contemporary problems},
  pages={33--74},
  year={2003},
  publisher={JSTOR}
}
